@inproceedings{ennafii2019necessary,
    author = {Ennafii, Oussama and  Le Bris, Arnaud and Lafarge, Florent and Mallet, Cl{\'e}ment},
    booktitle = {{Joint Urban Remote Sensing Event (JURSE)}},
    title = {{The necessary yet complex evaluation of 3D city models : a semantic approach}},
    month = {May},
    year = {2019}
}
@inproceedings{ennafii2019scallable,
    author = {Ennafii, Oussama and  Le Bris, Arnaud and Lafarge, Florent and Mallet, Cl{\'e}ment},
    booktitle = {{IEEE Geoscience and Remote Sensing Society (IGARSS)}},
    title = {{Scallable evaluation of 3D city models}},
    month = {Aug},
    year = {2019}
}
