@article{ennafii2019learning,
    author = {Ennafii, Oussama and Le Bris, Arnaud and Lafarge, Florent and Mallet, Cl{\'e}ment},
    journal = {ASPRS Photogrammetric Engineering and Remote Sensing},
    title = {{A learning approach to evaluate the quality of 3D city models}},
    note = {accepted},
    month = {Jul},
    year = {2019}
}
