@unpublished{ennafii2018semantic,
    title = {{Semantic evaluation of 3D city models}},
    author = {Ennafii, Oussama and Le-Bris, Arnaud and Lafarge, Florent and Mallet, Cl{\'e}ment},
    note = {technical report},
    year = {2018},
    month = {Sep},
}
