@inproceedings{ennafii2018qualification,
    author = {Ennafii, Oussama and  Le Bris, Arnaud and Lafarge, Florent and Mallet, Cl{\'e}ment},
    booktitle = {{Conf\'erence Fran\c{c}aise de Photogramm\'etrie et de T\'el\'ed\'etection (CFPT)}},
    title = {{Qualification s{\'e}mantique de mod{\`e}les 3D de b{\^a}timents}},
    month = {Jun},
    year = {2018}
}
