@Article{ijgi4042842,
    author = {Biljecki, Filip and Stoter, Jantien and Ledoux, Hugo and Zlatanova, Sisi and Çöltekin, Arzu},
    title = {Applications of 3D City Models: State of the Art Review},
    journal = {ISPRS International Journal of Geo-Information},
    volume = {4},
    year = {2015},
    number = {4},
    pages = {2842--2889},
    url = {https://www.mdpi.com/2220-9964/4/4/2842},
    issn = {2220-9964},
    doi = {10.3390/ijgi4042842}
}